%% This BibTeX bibliography file was created using BibDesk.
%% http://bibdesk.sourceforge.net/


%% Created for Everett Kropf at 2016-02-24 14:03:58 +0000 


%% Saved with string encoding Unicode (UTF-8) 



@article{newcalculus,
	Author = {Crowdy, Darren G},
	Date-Added = {2015-12-09 15:45:56 +0000},
	Date-Modified = {2015-12-09 15:46:11 +0000},
	Journal = {Theoretical and Computational Fluid Dynamics},
	Pages = {9--24},
	Title = {A new calculus for two-dimensional vortex dynamics},
	Volume = {24},
	Year = {2010}}

@article{greensfunctions,
	Author = {Crowdy, Darren G and Marshall, Jonathan S},
	Date-Added = {2015-12-09 15:24:29 +0000},
	Date-Modified = {2015-12-09 15:24:42 +0000},
	Journal = {IMA Journal of Applied Mathematics},
	Number = {3},
	Pages = {278--301},
	Publisher = {IMA},
	Title = {{G}reen's functions for {L}aplace's equation in multiply connected domains},
	Volume = {72},
	Year = {2007}}

@article{primecalc,
	Author = {Crowdy, D G and Green, C C and Kropf, E H and Nasser, M M S},
	Date-Added = {2015-12-09 15:08:04 +0000},
	Date-Modified = {2016-02-24 14:03:55 +0000},
	Journal = {Submitted for review},
	Title = {The {S}chottky-{K}lein prime function: a new computational tool for applications},
	Year = {2016}}
